 @misc{blockfolio2021, title={Blockfolio}, url={https://blockfolio.com/}, author={Blockfolio}, year={2021}} 

 @misc{delta2021, url={https://delta.app/en}, journal={Investment Tracker for Crypto, Stocks &amp; Investments}, author={Delta}, year={2021}} 

 @misc{moonitor2021, title={Moonitor - Cryptocurrency Portfolio tracker on Desktop (macOS/Win/Linux)}, url={https://moonitor.io/}, journal={Moonitor.io}, author={Moonitor}, year={2021}, month={Feb}} 

 @misc{coingecko2021, title={Cryptocurrency Prices and Market Capitalization}, url={https://www.coingecko.com/en}, journal={CoinGecko}, author={Coingecko}, year={2021}} 
